@article{Dahlbudding2024RayleighPINN,
  title       = {Approximating Rayleigh Scattering in Exoplanetary Atmospheres using Physics‐informed Neural Networks (PINNs)},
  author      = {David Dahlbüdding and Karan Molaverdikhani and Barbara Ercolano and Tommaso Grassi},
  journal     = {Monthly Notices of the Royal Astronomical Society},
  volume      = {533},
  number      = {3},
  pages       = {3475--3483},
  year        = {2024},
  doi         = {10.1093/mnras/stae1872},
  eprint      = {2408.00084},
  eprinttype  = {arXiv},
  eprintclass = {astro-ph.EP},
  month       = aug,
  note        = {Also available as arXiv preprint arXiv:2408.00084}
}